%% This BibTeX bibliography file was created using BibDesk.
%% http://bibdesk.sourceforge.net/


%% Created for Lauro Cesar Araujo at 2015-04-27 19:43:45 -0300 


%% Saved with string encoding Unicode (UTF-8) 


@book{neide,
	Address = {São Paulo},
	Author = {Neide Maria Bertoldi Franco},
	Edition = {10},
	Publisher = {Pearson},
	Title = {Cálculo Numérico},
	Year = {2007}}
	
@book{matsumoto,
	Address = {São Paulo},
	Author = {Élia Yathie Matsumoto},
	Edition = {2},
	Publisher = {Érica},
	Title = {Matlab 7: Fundamentos},
	Year = {2008}}

@book{matworks,
	Address = {Massachusetts, USA},
	Author = {The MathWorks, Inc},
	Edition = {2},
	Publisher = {The MathWorks, Inc},
	Title = {Matlab Reference Guide: High-Performance Numeric Computation and Vizualization Software},
	Year = {1993}}
	

@misc{matworksfsolve,
	Author = {MATHWORKS},
	Date-Added = {2018-03-23 21:39:21 +0000},
	Date-Modified = {2018-04-27 22:43:06 +0000},
	Title = {Equation Solving Algorithms},
	Url = {https://www.mathworks.com/help/optim/ug/equation-solving-algorithms.html},
	Urlaccessdate = {26 jun 2018},
	Year = {2018}}
	
@misc{ufpb,
	Author = {UFPB},
	Date-Added = {2013-06-14 },
	Date-Modified = {2015-06-17},
	Title = {Servidor online da Produção Virtual da UFPB - Cálculo Numérico},
	Url = {http://producao.virtual.ufpb.br/books/reamat/CalculoNumerico/},
	Urlaccessdate = {25 jun 2018},
	Year = {2018}}
